% This file was created with Citavi 6.14.0.0

@book{.2015,
 year = {2015},
 title = {Management in Komplexit{\"a}t und Unsicherheit},
 publisher = {{Springer, Wiesbaden}}
}


@electronic{.20230305,
 editor = {McKinsey},
 year = {2019},
 title = {The business value of design},
 url = {https://www.mckinsey.com/capabilities/mckinsey-design/our-insights/the-business-value-of-design},
 urldate = {2023-03-05}
}


@book{Gloger.2016b,
 author = {Gloger, Boris},
 abstract = {Scrum in der Praxis einf{\"u}hren und leben  Boris Gloger beschreibt leicht verst{\"a}ndlich die Werte, Regeln, Strukturen und Rollen von Scrum.  Egal ob Sie als Kunde, F{\"u}hrungskraft, ScrumMaster, Product Owner oder Teammitglied an einem Scrum-Projekt beteiligt sind oder aber erst wissen wollen, was Scrum eigentlich ist: - Sie erfahren, wie Teams durch weitgehende Selbstorganisation und kontinuierliches Planen Produkte schneller und erfolgreicher liefern k{\"o}nnen.  - Umfassend wird dargestellt, wie Scrum mit mehreren Teams, die {\"u}ber viele Standorte verteilt sind, eingesetzt wird.  - Zudem ist dieses Praxisbuch eine hervorragende Unterst{\"u}tzung f{\"u}r die Zertifizierung zum ScrumMaster. Hier erhalten Sie einen umfassenden {\"U}berblick und wertvolle Tipps, wie Sie Scrum in der Praxis einf{\"u}hren und leben k{\"o}nnen.  Boris Gloger ist Deutschlands und {\"O}sterreichs bekanntester Scrum-Berater. Namhafte deutsche und internationale Unternehmen setzen auf seinen Rat, wenn es darum geht, Scrum richtig einzusetzen. Seine Standards bei der Umsetzung von Scrum haben sich durchgesetzt.},
 year = {2016},
 title = {Scrum: Produkte zuverl{\"a}ssig und schnell entwickeln},
 address = {M{\"u}nchen},
 edition = {5., {\"u}berarbeitete Auflage},
 publisher = {Hanser},
 isbn = {9783446448360},
 series = {Hanser eLibrary}
}


@book{Goll.2015,
 author = {Goll, Joachim and Hommel, Daniel},
 year = {2015},
 title = {Mit Scrum zum gew{\"u}nschten System},
 address = {Wiesbaden},
 publisher = {{Springer Vieweg}},
 isbn = {9783658107208}
}


@book{Halstenberg.2020,
 author = {Halstenberg, J{\"u}rgen},
 abstract = {Intro -- Was Sie in diesem essential finden k{\"o}nnen -- Vorwort -- Inhaltsverzeichnis -- 1 Einleitung - wozu DevOps? -- 2 Was ist DevOps? - Everything is a Remix -- 2.1 Urspr{\"u}nge der DevOps-Bewegung -- 2.2 Grundz{\"u}ge von DevOps -- 2.3 Der Mehrwert von DevOps in einer VUCA-Welt -- 2.4 Late Commitment -- 2.5 Three Ways und Value Streams -- 2.6 Was DevOps nicht ist -- 3 DevOps-Aktivit{\"a}ten -- 3.1 Aktivit{\"a}ten -- 3.2 IT Betrieb mal zwei -- 3.3 Automatisierung, DevOps-Tools -- 3.4 KPIs: Messung von Erfolg -- 3.5 Skalierung von DevOps -- 3.6 {\"O}konomie von DevOps -- 4 Kulturelle, organisationale und kommunikative Aspekte von DevOps -- 4.1 Muster des Scheiterns und Muster des Gelingens -- 4.2 Ideales Organigramm - oder: welche Team-Topologien f{\"u}r DevOps? -- 5 Wie f{\"u}hrt man DevOps ein? - oder: Machen ist wie Wollen, nur krasser! -- 5.1 Grunds{\"a}tze -- 5.2 Schritt 0: Das Fundament legen -- 5.3 Schritt 1: Die Technologie-Landschaft vereinheitlichen -- 5.4 Schritt 2: Varianz entlang der Value Streams verringern -- 5.5 Schritt 3: Die DevOps-Methoden ausweiten -- 5.6 Schritt 4: Automatisieren von Infrastruktur-Bereitstellung -- 5.7 Schritt 5: Die IT stellt dem Business einen umfassenden Service zur Verf{\"u}gung -- 6 DevOps - Kritik -- 7 Zusammenfassung -- Was Sie aus diesem essential mitnehmen k{\"o}nnen -- Weiterf{\"u}hrende Literatur.},
 year = {2020},
 title = {DevOps: Ein {\"U}berblick},
 address = {Wiesbaden},
 publisher = {{Springer Fachmedien Wiesbaden GmbH}},
 isbn = {9783658314057},
 series = {Essentials Ser}
}


@electronic{K&C.2021,
 author = {Adam, John},
 editor = {K{\&}C},
 abstract = {EINE PR{\"A}GNANTE UND GR{\"U}NDLICHE {\"U}BERSICHT {\"U}BER DIE VORHERRSCHENDE SOFTWARE-ENTWICKLUNGSMETHODIK -- ALLES {\"U}BER SCRUMS UND STAND-UPS, ST{\"A}RKEN UND M{\"O}GLICHE FALLSTRICKE.},
 year = {2021},
 title = {Was ist agile Softwareentwicklung?},
 url = {https://kruschecompany.com/de/agile-softwareentwicklung/},
 urldate = {2023-03-05}
}


@electronic{Qentelli.20230305,
 author = {Bhanda, Shweta and Taylor, Abby},
 editor = {Qentelli},
 abstract = {The software development industry has always chosen its path of evolution by keeping its focus solely on delivering excellence to their customers if not exceed. Organizations are always looking for ways to accelerate their software development process to ensure enhanced business outcomes, which is probably why we see technology evolving quickly.},
 year = {2023-03-05},
 title = {The Evolution from Agile to DevOps to Continuous Delivery | Qentelli},
 url = {https://www.qentelli.com/thought-leadership/insights/evolution-agile-devops-continuous-delivery},
 urldate = {2023-03-05}
}


@article{Vesey.1992,
 author = {Vesey, Joseph T.},
 year = {1992},
 title = {Time-to-market: Put speed in product development},
 pages = {151--158},
 volume = {21},
 number = {2},
 journal = {Industrial Marketing Management}
}


@incollection{Vieweg.2015,
 author = {Vieweg, Wolfgang},
 abstract = {Das klassische Projektmanagement folgt dem so genannten {\glq}Wasserfallmodell{\grq}. Hierbei handelt es sich um ein lineares (nicht iteratives) Vorgehensmodell, das in Phasen organisiert wird. Es startet immer mit der Erstellung und Verabschiedung eines...},
 title = {Agiles (Projekt-)Management},
 pages = {41--42},
 publisher = {{Springer, Wiesbaden}},
 booktitle = {Management in Komplexit{\"a}t und Unsicherheit},
 year = {2015}
}


@book{Vivenzio.2013,
 abstract = {Dieses Fachbuch vermittelt die grundlegenden Kenntnisse des Testmanagements. Von der Strategie und Planung {\"u}ber die verschiedenen Teststufen bis zum Reporting und der Abnahme~geben die Autoren Ihnen einen detaillierten {\"U}berblick {\"u}ber das Testen von Software und bieten eine strukturierte Anleitung zum richtigen Testen. Zahlreiche Beispiele zeigen anhand von SAP Banking die Umsetzung und Besonderheiten in der Praxis.



Intro -- Vorwort -- Danksagung -- Inhaltsverzeichnis -- 1 Testmanagement! Warum? -- 2 Vorgehensmodelle in der Softwareentwicklung -- 2.1 Vorbemerkungen -- 2.2 Das Wasserfall-Modell -- 2.3 Das V-Modell -- 2.4 RUP - Rational Unified Process -- 3 Teststufen -- 3.1 Komponententest -- 3.2 Integrationstest -- 3.3 Systemtest -- 3.4 Abnahmetest -- 3.5 Generalprobe -- 4 Testprozess -- 4.1 Vorbemerkungen -- 4.2 Die f{\"u}nf Stufen des allgemeinen Testprozesses -- 4.2.1 Stufe 1: Testplanung und Test{\"u}berwachung -- 4.2.2 Stufe 2: Testanalyse und Testentwurf -- 4.2.3 Stufe 3: Testfallerstellung und Testdurchf{\"u}hrung -- 4.2.4 Stufe 4: Testinterpretation und Bericht -- 4.2.5 Stufe 5: Beenden der Testaktivit{\"a}t -- 5 Teststrategie -- 5.1 Testziele -- 5.2 Testumfang -- 5.2.1 Testobjekt -- 5.2.2 Testgruppe -- 5.2.3 Testf{\"a}lle -- 5.3 Testorganisation -- 5.3.1 Rollen und Aufgaben -- 5.3.2 Regelkommunikation -- 5.4 Reporting -- 5.4.1 Berichtswesen -- 5.4.2 Key Performance Indikatoren (KPI´s) im Testmanagement -- 5.5 Testplanung -- 5.5.1 Generischer Testplan -- 5.5.2 Planungsvolatilit{\"a}t -- 6 Testdokumentation -- 6.1 Nutzung von Standards -- 6.2 Der Testplan -- 6.2.1 Test Plan ID -- 6.2.2 Einf{\"u}hrung und Referenzen -- 6.2.3 Testobjekte -- 6.2.4 Zu testende Funktionalit{\"a}ten -- 6.2.5 Nicht zu testende Funktionalit{\"a}ten -- 6.2.6 Teststrategie -- 6.2.7 Pr{\"u}fkriterien der Testobjekte -- 6.2.8 Abbruchund Wiederaufnahmekriterien -- 6.2.9 Verf{\"u}gbare Testdokumente -- 6.2.10 Testaufgaben -- 6.2.11 Ressourcenanforderungen -- 6.2.12 Verantwortlichkeiten -- 6.2.13 Personal und Schulungsbedarf -- 6.2.14 Zeitplan -- 6.2.15 Risikoabsch{\"a}tzung und M{\"o}glichkeiten -- 6.2.16 Risiken und Funktionalit{\"a}tshierarchie -- 6.2.17 Freigabe -- 6.3 Spezifikation des Testdesigns -- 6.4 Die Testfallbeschreibung -- 6.5 Spezifikation des Testablaufs -- 6.6 Konfigurationsbericht des Testobjektes -- 6.7 Der Testbericht.},
 year = {2013},
 title = {Testmanagement Bei SAP-Projekten: Erfolgreich Planen * Steuern * Reporten Bei der Einf{\"u}hrung Von SAP-Banking},
 address = {Wiesbaden},
 edition = {1st ed.},
 publisher = {{Springer Fachmedien Wiesbaden GmbH}},
 isbn = {978-3-8348-1623-8},
 editor = {Vivenzio, Alberto}
}


@electronic{Wright.20220608,
 author = {Wright, Webb},
 editor = {{The Drum}},
 abstract = {Cloud-based tech company Salesforce is officially staking its claim in the web3 space. Today, the company announced the launch of its NFT Cloud pilot program, designed to provide its customers with an easy-to-use and comprehensive suite of tools for managing their own NFT campaigns.},
 year = {2022},
 title = {Salesforce launches pilot program enabling brands to mint, manage {\&} sell NFTs},
 url = {https://www.thedrum.com/news/2022/06/08/salesforce-unveils-nft-cloud-pilot-program},
 urldate = {2023-03-05}
}


